<record xmlns="http://www.loc.gov/MARC21/slim" xmlns:xsi="http://www.w3.org/2001/XMLSchema-instance" xsi:schemaLocation="http://www.loc.gov/MARC21/slim http://www.loc.gov/standards/marcxml/schema/MARC21slim.xsd"><leader>02012nam a2200445   4500</leader><controlfield tag="001">001858324</controlfield><controlfield tag="003">NNU</controlfield><controlfield tag="006">m        d        </controlfield><controlfield tag="007">cr cn |||m|||a</controlfield><controlfield tag="008">150223m19481952ua      ob    000 0 ara d</controlfield><datafield ind1=" " ind2=" " tag="040"><subfield code="a">NNU</subfield><subfield code="b">eng</subfield><subfield code="c">NNU</subfield></datafield><datafield ind1="1" ind2=" " tag="041"><subfield code="a">ara</subfield><subfield code="h">grc</subfield></datafield><datafield ind1=" " ind2=" " tag="066"><subfield code="c">(3</subfield></datafield><datafield ind1=" " ind2=" " tag="090"><subfield code="a">B491.L8</subfield><subfield code="b">A85</subfield></datafield><datafield ind1="0" ind2=" " tag="100"><subfield code="6">880-01</subfield><subfield code="a">Aristotle.</subfield></datafield><datafield ind1="1" ind2="0" tag="240"><subfield code="a">Organon.</subfield><subfield code="l">Arabic</subfield></datafield><datafield ind1="1" ind2="0" tag="245"><subfield code="6">880-02</subfield><subfield code="a">Man&#7789;iq Aris&#7789;&#363;</subfield><subfield code="h">[electronic resource] /</subfield><subfield code="c">&#7717;aqqaqa wa-qaddama lahu &#699;Abd al-Ra&#7717;m&#257;n Badaw&#299;.</subfield></datafield><datafield ind1=" " ind2=" " tag="260"><subfield code="6">880-03</subfield><subfield code="a">al-Q&#257;hirah :</subfield><subfield code="b">D&#257;r al-Kutub al-Mi&#7779;r&#299;yah,</subfield><subfield code="c">1948-1952.</subfield></datafield><datafield ind1=" " ind2=" " tag="300"><subfield code="a">online resource (3 v.)</subfield></datafield><datafield ind1="1" ind2=" " tag="490"><subfield code="6">880-04</subfield><subfield code="a">Dir&#257;s&#257;t Isl&#257;m&#299;yah ;</subfield><subfield code="v">7</subfield></datafield><datafield ind1=" " ind2=" " tag="500"><subfield code="a">Title on p. [4] of cover: Organon Aristotelis.</subfield></datafield><datafield ind1=" " ind2=" " tag="500"><subfield code="a">Part of the Arabic Collections Online (ACO) project, contributed by New York Univeristy Libraries.</subfield></datafield><datafield ind1=" " ind2=" " tag="520"><subfield code="a">Includes bibliographical references.</subfield></datafield><datafield ind1=" " ind2=" " tag="533"><subfield code="a">Electronic reproduction.</subfield><subfield code="b">New York, N.Y. :</subfield><subfield code="c">New York University,</subfield><subfield code="d">2015.</subfield><subfield code="5">NNU</subfield></datafield><datafield ind1=" " ind2="0" tag="650"><subfield code="a">Logic</subfield><subfield code="v">Early works to 1800.</subfield></datafield><datafield ind1="1" ind2=" " tag="700"><subfield code="6">880-05</subfield><subfield code="a">Badaw&#299;, &#699;Abd al-Ra&#7717;m&#257;n</subfield></datafield><datafield ind1="2" ind2=" " tag="710"><subfield code="a">New York University.</subfield><subfield code="b">Libraries.</subfield></datafield><datafield ind1="0" ind2=" " tag="730"><subfield code="a">Arabic Collections Online.</subfield></datafield><datafield ind1="0" ind2=" " tag="740"><subfield code="a">Organon Aristotelis.</subfield></datafield><datafield ind1="0" ind2="8" tag="776"><subfield code="i">Print version:</subfield><subfield code="a">Aristotle.</subfield><subfield code="t">Man&#7789;iq Aris&#7789;&#363;</subfield><subfield code="w">(NNU)001858324</subfield></datafield><datafield ind1="4" ind2="0" tag="856"><subfield code="u">http://hdl.handle.net/2333.1/gtht78vw</subfield></datafield><datafield ind1="0" ind2=" " tag="880"><subfield code="6">100-01/</subfield><subfield code="a">&#1575;&#1585;&#1587;&#1591;&#1608;.</subfield></datafield><datafield ind1="1" ind2="0" tag="880"><subfield code="6">245-02/</subfield><subfield code="a">&#1605;&#1606;&#1591;&#1602; &#1575;&#1585;&#1587;&#1591;&#1608; /</subfield><subfield code="c">&#1581;&#1602;&#1602;&#1607; &#1608;&#1602;&#1583;&#1605; &#1604;&#1607; &#1593;&#1576;&#1583;&#1575;&#1604;&#1585;&#1581;&#1605;&#1606; &#1576;&#1583;&#1608;&#1610;.</subfield></datafield><datafield ind1=" " ind2=" " tag="880"><subfield code="6">260-03/</subfield><subfield code="a">&#1575;&#1604;&#1602;&#1575;&#1607;&#1585;&#1607; :</subfield><subfield code="b">&#1583;&#1575;&#1585; &#1575;&#1604;&#1603;&#1578;&#1576; &#1575;&#1604;&#1605;&#1589;&#1585;&#1610;&#1577;&#1548;</subfield><subfield code="c">&#1633;&#1641;&#1636;&#1640;-&#1633;&#1641;&#1637;&#1634;</subfield></datafield><datafield ind1="1" ind2=" " tag="880"><subfield code="6">490-04/</subfield><subfield code="a">&#1583;&#1585;&#1575;&#1587;&#1575;&#1578; &#1575;&#1587;&#1604;&#1575;&#1605;&#1610;&#1577; &#1563;</subfield><subfield code="v">&#1639;</subfield></datafield><datafield ind1="1" ind2=" " tag="880"><subfield code="6">700-05/</subfield><subfield code="a">&#1576;&#1583;&#1608;&#1610;&#1548; &#1593;&#1576;&#1583;&#1575;&#1604;&#1585;&#1581;&#1605;&#1606;.</subfield></datafield><datafield ind1="1" ind2=" " tag="800"><subfield code="6">880-05</subfield><subfield code="a">Badawi&#772;, &#699;Abd al-Rah&#803;ma&#772;n.</subfield><subfield code="t">Dira&#772;sa&#772;t Isla&#772;mi&#772;yah ;</subfield><subfield code="v">7.</subfield></datafield><datafield ind1="1" ind2=" " tag="880"><subfield code="6">800-05/</subfield><subfield code="a">&#1576;&#1583;&#1608;&#1610;&#1548; &#1593;&#1576;&#1583; &#1575;&#1604;&#1585;&#1581;&#1605;&#1606;.</subfield><subfield code="t">&#1583;&#1585;&#1575;&#1587;&#1575;&#1578; &#1575;&#1587;&#1604;&#1575;&#1605;&#1610;&#1577; &#1563;</subfield><subfield code="v">&#1639;.</subfield></datafield><datafield ind1=" " ind2=" " tag="959"><subfield code="a">NNU</subfield><subfield code="b">WEB</subfield><subfield code="c">GENI</subfield><subfield code="t">0</subfield><subfield code="m">Electronic access</subfield><subfield code="s">01</subfield></datafield><datafield ind1=" " ind2=" " tag="999"><subfield code="i">NNU_001858324</subfield><subfield code="s">nyu_aco000135:v.1</subfield><subfield code="s">nyu_aco000136:v.2</subfield><subfield code="s">nyu_aco000137:v.3</subfield><subfield code="e">(ERROR-880)</subfield></datafield></record>